<?xml version="1.0" encoding="UTF-8"?><collection xmlns="http://www.loc.gov/MARC21/slim"><record><leader>00324nam--2200133-i-4500</leader><controlfield tag="001">000019008</controlfield><controlfield tag="002">20161230</controlfield><controlfield tag="005">20161230201033</controlfield><controlfield tag="008">060222s1000------------r-----000-0-eng-d</controlfield><datafield ind1=" " ind2=" " tag="080"><subfield code="a">621.039.526</subfield></datafield><datafield ind1=" " ind2=" " tag="245"><subfield code="a">Fast breeeder reactors</subfield></datafield><datafield ind1=" " ind2=" " tag="260"><subfield code="a">Oxford, Pergamon Press, 1967.Viii + 951 P</subfield></datafield><datafield ind1=" " ind2=" " tag="700"><subfield code="a">Evans, P.V</subfield></datafield><datafield ind1=" " ind2=" " tag="852"><subfield code="a">228420</subfield></datafield></record></collection>